@inproceedings{Bellare:1993,
 author={Bellare, Mihir and Rogaway, Phillip},
 title = {Random oracles are practical: a paradigm for designing efficient protocols},
 booktitle = {Proceedings of the 1st ACM conference on Computer and communications security},
 series = {CCS'93},
 year = {1993},
 isbn = {0-89791-629-8},
 location = {Fairfax, Virginia, USA},
 pages = {62--73},
 numpages = {12},
 url = {http://doi.acm.org/10.1145/168588.168596},
 doi = {10.1145/168588.168596},
 acmid = {168596},
 publisher = {ACM},
 address = {New York, NY, USA},
}

@article{Goldwasser:1984,
	Author = {Goldwasser, Shafi and Micali, Silvio},
	Journal = {J. Comput. Syst. Sci.},
	Number = {2},
	Pages = {270-299},
	Title = {Probabilistic encryption},
	Volume = {28},
	Year = {1984}}

 @inproceedings{barthe-crypto-2011,
 author = {Barthe, Gilles and Gr{\'e}goire, Benjamin and Heraud, Sylvain
           and B{\'e}guelin, Santiago Zanella},
 title = {Computer-aided Security Proofs for the Working Cryptographer},
 booktitle = {Proceedings of the 31st Annual Conference on Advances in
              Cryptology},
 series = {CRYPTO'11},
 year = {2011},
 pages = {71--90},
 publisher = {Springer-Verlag}
}

@incollection{barthe-easycrypt-intro-2014,
  year = {2014},
  booktitle={Foundations of Security Analysis and Design VII},
  volume = {8604},
  series = {Lecture Notes in Computer Science},
  editor = {Aldini, Alessandro and Lopez, Javier and Martinelli, Fabio},
  title={Easy{C}rypt: A Tutorial},
  publisher={Springer International Publishing},
  author={Barthe, Gilles and Dupressoir, Fran{\c{c}}ois and Gr{\'e}goire, Benjamin and
          Kunz, C{\'e}sar and Schmidt, Benedikt and Strub, Pierre-Yves},
  pages={146--166}
}

@inproceedings{barthe-prog-lang-techs-2010,
 author = {Barthe, Gilles and Gr{\'e}goire, Benjamin and
           Zanella B{\'e}guelin, Santiago},
 title = {Programming Language Techniques for Cryptographic Proofs},
 booktitle = {Proceedings of the First International Conference on
              Interactive Theorem Proving},
 series = {ITP'10},
 year = {2010},
 pages = {115--130},
 publisher = {Springer-Verlag}
}                  

@inproceedings{almeida-certif-computer-aided-2013,
 author = {Almeida, Jos{\'e} Bacelar and Barbosa, Manuel and
           Barthe, Gilles and Dupressoir, Fran{\c{c}}ois},
 title = {Certified computer-aided cryptography: efficient provably
          secure machine code from high-level implementations},
 booktitle = {Proceedings of the 2013 ACM SIGSAC Conference on
              Computer and Communications Security},
 series = {CCS '13},
 year = {2013},
 pages = {1217--1230},
 publisher = {ACM}
}                  

@inproceedings{barthe-padding-based-2013,
 author = {Barthe, Gilles and Crespo, Juan Manuel and Gr{\'e}goire, Benjamin and Kunz, C{\'e}sar and Lakhnech, Yassine and Schmidt, Benedikt and Zanella-B{\'e}guelin, Santiago},
 title = {Fully Automated Analysis of Padding-based Encryption in the Computational Model},
 booktitle = {Proceedings of the 2013 ACM SIGSAC Conference on Computer and Communications Security},
 series = {CCS '13},
 year = {2013},
 pages = {1247--1260},
 publisher = {ACM}
}

@inproceedings{backes-merkle-2012,
 author = {Backes, Michael and Barthe, Gilles and Berg, Matthias and Gr{\'e}goire, Benjamin and Kunz, Cesar and Skoruppa, Malte and Beguelin, Santiago Zanella},
 title = {Verified Security of {M}erkle-{D}amg{\aa}rd},
 booktitle = {Proceedings of the 2012 IEEE 25th Computer Security Foundations Symposium},
 series = {CSF '12},
 year = 2012,
 pages = {354--368},
 publisher = {IEEE Computer Society},
 address = {Washington, DC, USA}
}

@inproceedings{barthe-oaep-2011,
 author = {Barthe, Gilles and Gr{\'e}goire, Benjamin and Lakhnech, Yassine and B{\'e}guelin, Santiago Zanella},
 title = {Beyond Provable Security: verifiable {IND-CCA} Security of {OAEP}},
 booktitle = {Proceedings of the 11th International Conference on Topics in Cryptology: CT-RSA 2011},
 series = {CT-RSA'11},
 year = {2011},
 pages = {180--196},
 publisher = {Springer-Verlag}
}

@inproceedings{bellare-rogaway-triple-enc-2006,
 author = {Bellare, Mihir and Rogaway, Phillip},
 title = {The Security of Triple Encryption and a Framework for
          Code-based Game-playing Proofs},
 booktitle = {Proceedings of the 24th Annual International Conference on
              The Theory and Applications of Cryptographic Techniques},
 series = {EUROCRYPT'06},
 year = {2006},
 pages = {409--426},
 publisher = {Springer-Verlag}
}

@article{bellare-rogaway-code-based-2004,
  author    = {Mihir Bellare and Phillip Rogaway},
  title     = {Code-Based Game-Playing Proofs and the Security of
               Triple Encryption},
  journal   = {{IACR} Cryptology ePrint Archive},
  year      = {2004},
  volume    = {2004},
  number    = {331}
}

@misc{shoup-seq-games-2004,
    author = {Victor Shoup},
    title = {Sequences of games: a tool for taming complexity in security proofs},
    howpublished = {Cryptology ePrint Archive, Report 2004/332},
    year = {2004},
    note = {\url{http://eprint.iacr.org/}},
}                  
