@inproceedings{br93,
 author={Bellare, Mihir and Rogaway, Phillip},
 title = {Random oracles are practical: a paradigm for designing efficient protocols},
 booktitle = {Proceedings of the 1st ACM conference on Computer and communications security},
 series = {CCS '93},
 year = {1993},
 isbn = {0-89791-629-8},
 location = {Fairfax, Virginia, USA},
 pages = {62--73},
 numpages = {12},
 url = {http://doi.acm.org/10.1145/168588.168596},
 doi = {10.1145/168588.168596},
 acmid = {168596},
 publisher = {ACM},
 address = {New York, NY, USA},
}
